
@article{silva_development_2014,
	title = {Development of the {OpenQuake} engine, the {Global} {Earthquake} {Model}â€™s open-source software for seismic risk assessment},
	volume = {72},
	issn = {0921-030X, 1573-0840},
	url = {http://link.springer.com/10.1007/s11069-013-0618-x},
	doi = {10.1007/s11069-013-0618-x},
	language = {en},
	number = {3},
	urldate = {2015-06-04},
	journal = {Natural Hazards},
	author = {Silva, Vitor and Crowley, Helen and Pagani, Marco and Monelli, Damiano and Pinho, Rui},
	month = jul,
	year = {2014},
	pages = {1409--1427},
	file = {Silva et al 2013 OpenQuake engine.pdf:/Users/vitorsilva/Library/Application Support/Zotero/Profiles/1fuk1sfs.default/zotero/storage/IFD9XW9W/Silva et al 2013 OpenQuake engine.pdf:application/pdf}
}